<collection xmlns="http://www.loc.gov/MARC21/slim">
<record>
  <leader>03139nam0a2200541 i 450 </leader>
  <controlfield tag="001">IT\ICCU\CNCE\012212</controlfield>
  <controlfield tag="005">20170925000000.0</controlfield>
  <datafield tag="012" ind1=" " ind2=" ">
    <subfield code="a">s)oc t.ea isp- esqu (3) 1520 (R)</subfield>
    <subfield code="2">fei</subfield>
  </datafield>
  <datafield tag="100" ind1=" " ind2=" ">
    <subfield code="a">19970101d1520        0itac0103    ba</subfield>
  </datafield>
  <datafield tag="101" ind1=" " ind2=" ">
    <subfield code="a">LAT</subfield>
  </datafield>
  <datafield tag="102" ind1=" " ind2=" ">
    <subfield code="a">IT</subfield>
  </datafield>
  <datafield tag="200" ind1="1" ind2=" ">
    <subfield code="a">℗Mar. Tul. Ciceronis ℗De oratore ad Quintum fratrem libri tres vna cum Omniboni Leoniceni commentarijs. De perfecto oratore. Topica. Oratoriae partitiones. De claris oratoribus: qui &amp; Brutus dicitur. De optimo genere oratorum. De petitioneconsolatus Quinti fratris ad eundem Ciceronem. Item orationes:  Aeschinis in Cthesiphontem et Demosthenis in Aeschinem Leonardo Aretino interprete ...</subfield>
  </datafield>
  <datafield tag="210" ind1=" " ind2=" ">
    <subfield code="e">Venetiis</subfield>
    <subfield code="g">in aedibus Guilielmi de Fontaneto Montisferrati</subfield>
    <subfield code="h">1520 die XV Setembris</subfield>
  </datafield>
  <datafield tag="215" ind1=" " ind2=" ">
    <subfield code="a">\4!, CLXXIX, \1! c.</subfield>
    <subfield code="d">fol</subfield>
  </datafield>
  <datafield tag="620" ind1=" " ind2=" ">
    <subfield code="a">IT</subfield>
    <subfield code="d">Venezia</subfield>
  </datafield>
  <datafield tag="700" ind1=" " ind2="1">
    <subfield code="a">Cicero,</subfield>
    <subfield code="b">Marcus Tullius</subfield>
    <subfield code="3">IT\ICCU\CNCA\002170</subfield>
  </datafield>
  <datafield tag="702" ind1=" " ind2="1">
    <subfield code="a">Bonisoli,</subfield>
    <subfield code="b">Ognibene</subfield>
    <subfield code="3">IT\ICCU\CNCA\003051</subfield>
  </datafield>
  <datafield tag="702" ind1=" " ind2="0">
    <subfield code="a">Demosthenes</subfield>
    <subfield code="3">IT\ICCU\CNCA\000040</subfield>
  </datafield>
  <datafield tag="702" ind1=" " ind2="1">
    <subfield code="a">Bruni,</subfield>
    <subfield code="b">Leonardo</subfield>
    <subfield code="3">IT\ICCU\CNCA\000231</subfield>
  </datafield>
  <datafield tag="702" ind1=" " ind2="0">
    <subfield code="a">Aeschines</subfield>
    <subfield code="3">IT\ICCU\CNCA\000470</subfield>
  </datafield>
  <datafield tag="712" ind1="0" ind2="2">
    <subfield code="a">Guglielmo da Fontaneto</subfield>
    <subfield code="3">IT\ICCU\CNCT\000318</subfield>
    <subfield code="4">650</subfield>
  </datafield>
  <datafield tag="790" ind1=" " ind2="1">
    <subfield code="a">Tullius Cicero,</subfield>
    <subfield code="b">Marcus</subfield>
    <subfield code="3">IT\ICCU\CNCA\020042</subfield>
    <subfield code="z">Cicero, Marcus Tullius</subfield>
  </datafield>
  <datafield tag="790" ind1=" " ind2="0">
    <subfield code="a">Omnibonus Leonicenus</subfield>
    <subfield code="3">IT\ICCU\CNCA\011968</subfield>
    <subfield code="z">Bonisoli, Ognibene</subfield>
  </datafield>
  <datafield tag="790" ind1=" " ind2="0">
    <subfield code="a">Ognibene</subfield>
    <subfield code="c"> : da#Lonigo</subfield>
    <subfield code="3">IT\ICCU\CNCA\016499</subfield>
    <subfield code="z">Bonisoli, Ognibene</subfield>
  </datafield>
  <datafield tag="790" ind1=" " ind2="0">
    <subfield code="a">Ominibonus</subfield>
    <subfield code="c"> : Vicentinus</subfield>
    <subfield code="3">IT\ICCU\CNCA\016500</subfield>
    <subfield code="z">Bonisoli, Ognibene</subfield>
  </datafield>
  <datafield tag="790" ind1=" " ind2="0">
    <subfield code="a">Demostene</subfield>
    <subfield code="3">IT\ICCU\CNCA\015284</subfield>
    <subfield code="z">Demosthenes</subfield>
  </datafield>
  <datafield tag="790" ind1=" " ind2="1">
    <subfield code="a">Aretino,</subfield>
    <subfield code="b">Leonardo</subfield>
    <subfield code="3">IT\ICCU\CNCA\007648</subfield>
    <subfield code="z">Bruni, Leonardo</subfield>
  </datafield>
  <datafield tag="790" ind1=" " ind2="0">
    <subfield code="a">Leonardo</subfield>
    <subfield code="c"> : Aretino</subfield>
    <subfield code="3">IT\ICCU\CNCA\022181</subfield>
    <subfield code="z">Bruni, Leonardo</subfield>
  </datafield>
  <datafield tag="790" ind1=" " ind2="0">
    <subfield code="a">Eschine</subfield>
    <subfield code="3">IT\ICCU\CNCA\018897</subfield>
    <subfield code="z">Aeschines</subfield>
  </datafield>
  <datafield tag="791" ind1="0" ind2="0">
    <subfield code="a">Fontaneto, Guglielmo da</subfield>
    <subfield code="3">IT\ICCU\CNCT\003159</subfield>
    <subfield code="z">Guglielmo da Fontaneto</subfield>
  </datafield>
  <datafield tag="791" ind1="0" ind2="2">
    <subfield code="a">Guglielmo da Monferrato</subfield>
    <subfield code="3">IT\ICCU\CNCT\003625</subfield>
    <subfield code="z">Guglielmo da Fontaneto</subfield>
  </datafield>
  <datafield tag="791" ind1="0" ind2="2">
    <subfield code="a">Gulielmus de Monteferrato</subfield>
    <subfield code="3">IT\ICCU\CNCT\005083</subfield>
    <subfield code="z">Guglielmo da Fontaneto</subfield>
  </datafield>
  <datafield tag="791" ind1="0" ind2="2">
    <subfield code="a">Guilielmus Fontanetensis</subfield>
    <subfield code="3">IT\ICCU\CNCT\005084</subfield>
    <subfield code="z">Guglielmo da Fontaneto</subfield>
  </datafield>
  <datafield tag="801" ind1=" " ind2="3">
    <subfield code="a">IT</subfield>
    <subfield code="b">ICCU</subfield>
    <subfield code="c">20201113</subfield>
  </datafield>
  <datafield tag="899" ind1=" " ind2=" ">
    <subfield code="a">Biblioteca comunale Giulio Gabrielli. Ascoli Piceno</subfield>
    <subfield code="1">AP0006</subfield>
    <subfield code="2">UMC AP</subfield>
  </datafield>
  <datafield tag="899" ind1=" " ind2=" ">
    <subfield code="a"></subfield>
    <subfield code="1">BS0156</subfield>
    <subfield code="2">ZBS 07</subfield>
  </datafield>
  <datafield tag="899" ind1=" " ind2=" ">
    <subfield code="a">Biblioteca civica. Fossano</subfield>
    <subfield code="1">CN0049</subfield>
    <subfield code="2">TO0 52</subfield>
  </datafield>
  <datafield tag="899" ind1=" " ind2=" ">
    <subfield code="a">Biblioteca del Seminario metropolitano L. A. Muratori. Modena</subfield>
    <subfield code="1">MO0054</subfield>
    <subfield code="2">PBE 09</subfield>
  </datafield>
  <datafield tag="899" ind1=" " ind2=" ">
    <subfield code="a">Biblioteca nazionale Vittorio Emanuele III. Napoli</subfield>
    <subfield code="1">NA0079</subfield>
    <subfield code="2">NAP BN</subfield>
  </datafield>
  <datafield tag="899" ind1=" " ind2=" ">
    <subfield code="a">Biblioteca Oliveriana. Pesaro</subfield>
    <subfield code="1">PU0061</subfield>
    <subfield code="2">URB OL</subfield>
  </datafield>
  <datafield tag="899" ind1=" " ind2=" ">
    <subfield code="a">Biblioteca comunale Giuseppe Taroni. Bagnacavallo</subfield>
    <subfield code="1">RA0002</subfield>
    <subfield code="2">RAV BC</subfield>
  </datafield>
  <datafield tag="899" ind1=" " ind2=" ">
    <subfield code="a">Biblioteca nazionale centrale. Roma</subfield>
    <subfield code="1">RM0267</subfield>
    <subfield code="2">BVE CR</subfield>
  </datafield>
  <datafield tag="899" ind1=" " ind2=" ">
    <subfield code="a">Biblioteca comunale. Trento</subfield>
    <subfield code="1">TN0121</subfield>
    <subfield code="2">ZTN 01</subfield>
  </datafield>
  <datafield tag="899" ind1=" " ind2=" ">
    <subfield code="a">Biblioteca nazionale universitaria. Torino</subfield>
    <subfield code="z">MUTILO</subfield>
    <subfield code="1">TO0265</subfield>
    <subfield code="2">TO0 02</subfield>
  </datafield>
  <datafield tag="899" ind1=" " ind2=" ">
    <subfield code="a">Biblioteca civica. Vercelli</subfield>
    <subfield code="1">VC0073</subfield>
    <subfield code="2">TO0 A2</subfield>
  </datafield>
  <datafield tag="899" ind1=" " ind2=" ">
    <subfield code="a">Biblioteca nazionale Marciana. Venezia</subfield>
    <subfield code="1">VE0049</subfield>
    <subfield code="2">VEA BM</subfield>
  </datafield>
  <datafield tag="899" ind1=" " ind2=" ">
    <subfield code="a">Collezione privata Casagrande. San Don ̉di Piave</subfield>
    <subfield code="z">MUTILO</subfield>
    <subfield code="1">VE0259</subfield>
    <subfield code="2">ZVE 20</subfield>
  </datafield>
  <datafield tag="899" ind1=" " ind2=" ">
    <subfield code="a">Biblioteca comunale. Acquapendente</subfield>
    <subfield code="1">VT0002</subfield>
    <subfield code="2">RMS B4</subfield>
  </datafield>
</record>
</collection>
